%YAML 1.1
%TAG !u! tag:unity3d.com,2011:
--- !u!1 &140576
GameObject:
  m_ObjectHideFlags: 0
  m_PrefabParentObject: {fileID: 0}
  m_PrefabInternal: {fileID: 100100000}
  serializedVersion: 4
  m_Component:
  - 4: {fileID: 496900}
  - 114: {fileID: 11408796}
  - 114: {fileID: 11423532}
  m_Layer: 0
  m_Name: Game Controller
  m_TagString: Untagged
  m_Icon: {fileID: 0}
  m_NavMeshLayer: 0
  m_StaticEditorFlags: 0
  m_IsActive: 1
--- !u!4 &496900
Transform:
  m_ObjectHideFlags: 1
  m_PrefabParentObject: {fileID: 0}
  m_PrefabInternal: {fileID: 100100000}
  m_GameObject: {fileID: 140576}
  m_LocalRotation: {x: 0, y: 0, z: 0, w: 1}
  m_LocalPosition: {x: 0, y: 0, z: 0}
  m_LocalScale: {x: 1, y: 1, z: 1}
  m_Children: []
  m_Father: {fileID: 0}
  m_RootOrder: 0
--- !u!114 &11408796
MonoBehaviour:
  m_ObjectHideFlags: 1
  m_PrefabParentObject: {fileID: 0}
  m_PrefabInternal: {fileID: 100100000}
  m_GameObject: {fileID: 140576}
  m_Enabled: 1
  m_EditorHideFlags: 0
  m_Script: {fileID: 11500000, guid: 0ababcc80cda55643b2c690030e97d51, type: 3}
  m_Name: 
  m_EditorClassIdentifier: 
  isPlayerTurn: 0
  areEnemiesMoving: 0
  playerCurrentHealth: 50
  gameOverSound: {fileID: 8300000, guid: bbdad7cac71eab54fb165d6131d31772, type: 3}
--- !u!114 &11423532
MonoBehaviour:
  m_ObjectHideFlags: 1
  m_PrefabParentObject: {fileID: 0}
  m_PrefabInternal: {fileID: 100100000}
  m_GameObject: {fileID: 140576}
  m_Enabled: 1
  m_EditorHideFlags: 0
  m_Script: {fileID: 11500000, guid: 6ade6254a1c328f48aa2af38e6067910, type: 3}
  m_Name: 
  m_EditorClassIdentifier: 
  columns: 10
  rows: 10
  floors:
  - {fileID: 103606, guid: 35c31274c484c574db3588ba46cabf6d, type: 2}
  - {fileID: 116604, guid: df77a45e65b5cae4394ec25c41b1d1ed, type: 2}
  - {fileID: 183300, guid: 219ab8260fa8d6f438ad99740eb47242, type: 2}
  - {fileID: 179248, guid: c07b1b08f9314434f850b5628dddbd91, type: 2}
  - {fileID: 120814, guid: 370282d48711c134eb1d76cf1c09e994, type: 2}
  - {fileID: 156264, guid: 457e225f185befd48a1b724e692fa3c0, type: 2}
  - {fileID: 126300, guid: 6acca9a1004c58e48b81ba34d46579fd, type: 2}
  - {fileID: 102284, guid: b7d2585b07360d54392ac930898684d7, type: 2}
  outerWalls:
  - {fileID: 147800, guid: 447785b0850f256478f01aca22dfd5d8, type: 2}
  - {fileID: 140310, guid: 5de03d0ef2005e045b9a5e527994969d, type: 2}
  - {fileID: 136210, guid: 3a7462d9a8fae4844bb9727d2159ac8f, type: 2}
  wallObstacles:
  - {fileID: 166882, guid: a62f49fc45c0e8045b018d80d3c8de8a, type: 2}
  - {fileID: 190626, guid: aaeb56a95b2e64f43b4161764c2377ca, type: 2}
  - {fileID: 129804, guid: 203c701933b5b2646b8b55b0db773ba4, type: 2}
  - {fileID: 195018, guid: 782dd117fa5a0ca478106553d673b447, type: 2}
  - {fileID: 173442, guid: c3298375008f5344e9f4807b51356f4d, type: 2}
  - {fileID: 188848, guid: 73fa590f4be0fea468238470205031f6, type: 2}
  - {fileID: 154268, guid: 688399347b181fd4783f27c1dcbc96c3, type: 2}
  - {fileID: 171464, guid: 85fc267dad4ea91429d33b09323efbae, type: 2}
  foodItems:
  - {fileID: 150750, guid: 92eeaa4bf263fe24585d07c2fe26d940, type: 2}
  - {fileID: 174990, guid: e645a5745c2231f4c8d7769a45344107, type: 2}
  enemies:
  - {fileID: 129688, guid: 8e038d635cf7dff4b9c2686f7592e049, type: 2}
  - {fileID: 174854, guid: 7dab26394264cd5479765c6a9729bbba, type: 2}
  exit: {fileID: 169402, guid: 5460e871df88cb24795a1fb14048dc92, type: 2}
--- !u!1001 &100100000
Prefab:
  m_ObjectHideFlags: 1
  serializedVersion: 2
  m_Modification:
    m_TransformParent: {fileID: 0}
    m_Modifications:
    - target: {fileID: 0}
      propertyPath: columns
      value: 10
      objectReference: {fileID: 0}
    - target: {fileID: 0}
      propertyPath: rows
      value: 10
      objectReference: {fileID: 0}
    - target: {fileID: 0}
      propertyPath: floor
      value: 
      objectReference: {fileID: 103606, guid: 35c31274c484c574db3588ba46cabf6d, type: 2}
    m_RemovedComponents: []
  m_ParentPrefab: {fileID: 0}
  m_RootGameObject: {fileID: 140576}
  m_IsPrefabParent: 1
